@article{MILC,
  title={Estimating classification errors under edit restrictions in composite survey-register data using multiple imputation latent class modelling (milc)},
  author={Boeschoten, Laura and Oberski, Daniel and De Waal, Ton},
  journal={Journal of Official Statistics},
  volume={33},
  number={4},
  pages={921--962},
  year={2017},
  publisher={De Gruyter Open}
}

@article{MO1,
  title={A unified approach to measurement error and missing data: overview and applications},
  author={Blackwell, Matthew and Honaker, James and King, Gary},
  journal={Sociological Methods \& Research},
  volume={46},
  number={3},
  pages={303--341},
  year={2017},
  publisher={SAGE Publications Sage CA: Los Angeles, CA}
}

@article{MO2,
  title={A unified approach to measurement error and missing data: Details and extensions},
  author={Blackwell, Matthew and Honaker, James and King, Gary},
  journal={Sociological Methods \& Research},
  volume={46},
  number={3},
  pages={342--369},
  year={2017},
  publisher={SAGE Publications Sage CA: Los Angeles, CA}
}

@book{Thebook,
  title={Handbook of statistical data editing and imputation},
  author={De Waal, Ton and Pannekoek, Jeroen and Scholtus, Sander},
  volume={563},
  year={2011},
  publisher={John Wiley \& Sons}
}

@Manual{R,
    title = {R: A Language and Environment for Statistical Computing},
    author = {{R Core Team}},
    organization = {R Foundation for Statistical Computing},
    address = {Vienna, Austria},
    year = {2013},
    url = {http://www.R-project.org/},
  }
  
@article{Amelia,
  title={Amelia II: A program for missing data},
  author={Honaker, James and King, Gary and Blackwell, Matthew and others},
  journal={Journal of statistical software},
  volume={45},
  number={7},
  pages={1--47},
  year={2011}
}

@article{cole,
  title={Multiple-imputation for measurement-error correction},
  author={Cole, Stephen R and Chu, Haitao and Greenland, Sander},
  journal={International journal of epidemiology},
  volume={35},
  number={4},
  pages={1074--1081},
  year={2006},
  publisher={Oxford University Press}
}

@book{bible,
  title={Multiple imputation for nonresponse in surveys},
  author={Rubin, Donald B},
  volume={81},
  year={2004},
  publisher={John Wiley \& Sons}
}

@article{Rubin1978,
  title={Bayesian inference for causal effects: The role of randomization},
  author={Rubin, Donald B},
  journal={The Annals of statistics},
  pages={34--58},
  year={1978},
  publisher={JSTOR}
}

@article{Kropko,
  title={Multiple imputation for continuous and categorical data: Comparing joint multivariate normal and conditional approaches.},
  author={Kropko, Jonathan and Goodrich, Ben and Gelman, Andrew and Hill, Jennifer},
  journal={Political Analysis},
  volume={22},
  number={4},
  year={2014}
}

@article{polca,
  title={poLCA: An R package for polytomous variable latent class analysis},
  author={Linzer, Drew A and Lewis, Jeffrey B and others},
  journal={Journal of statistical software},
  volume={42},
  number={10},
  pages={1--29},
  year={2011}
}

@article{MASS,
  title={Package ‘mass’},
  author={Ripley, Brian and Venables, Bill and Bates, Douglas M and Hornik, Kurt and Gebhardt, Albrecht and Firth, David and Ripley, Maintainer Brian},
  journal={Cran R},
  year={2013}
}

@article{SEM,
  title={Structural Equations with Latent Variables John Wiley New York},
  author={Bollen, Kenneth A},
  year={1989}
}

@article{lavaan,
  title={Lavaan: An R package for structural equation modeling and more. Version 0.5--12 (BETA)},
  author={Rosseel, Yves},
  journal={Journal of statistical software},
  volume={48},
  number={2},
  pages={1--36},
  year={2012}
}

@article{meng,
  title={Multiple-imputation inferences with uncongenial sources of input},
  author={Meng, Xiao-Li},
  journal={Statistical Science},
  pages={538--558},
  year={1994},
  publisher={JSTOR}
}